<?xml version='1.0' encoding='utf-8'?>
<record xmlns="http://www.loc.gov/MARC21/slim" xmlns:xsi="http://www.w3.org/2001/XMLSchema-instance">
  <leader>^^^^^nam^a22003972a^4500</leader>
  <controlfield tag="001">003550564</controlfield>
  <controlfield tag="005">20020607000000.0</controlfield>
  <controlfield tag="008">010702s1957^^^^miua^^^^^^^^^^000^0^eng^d</controlfield>
  <datafield tag="035" ind1=" " ind2=" ">
    <subfield code="a">(OCoLC)ocm41887296</subfield>
  </datafield>
  <datafield tag="040" ind1=" " ind2=" ">
    <subfield code="a">HUV</subfield>
    <subfield code="e">dcrb</subfield>
    <subfield code="c">HUV</subfield>
    <subfield code="d">BEU</subfield>
    <subfield code="d">MiU</subfield>
  </datafield>
  <datafield tag="100" ind1="1" ind2=" ">
    <subfield code="a">Frostic, Gwen.</subfield>
  </datafield>
  <datafield tag="245" ind1="1" ind2="0">
    <subfield code="a">My Michigan /</subfield>
    <subfield code="c">Gwen Frostic.</subfield>
  </datafield>
  <datafield tag="260" ind1=" " ind2=" ">
    <subfield code="a">[Benzonia, Michigan? :</subfield>
    <subfield code="b">Gwen Frostic],</subfield>
    <subfield code="c">1957.</subfield>
  </datafield>
  <datafield tag="300" ind1=" " ind2=" ">
    <subfield code="a">[57] p. :</subfield>
    <subfield code="b">col. ill. ;</subfield>
    <subfield code="c">24 cm.</subfield>
  </datafield>
  <datafield tag="500" ind1=" " ind2=" ">
    <subfield code="a">"1957, Presscraft Papers, Benzonia, Michigan"--T.p. verso.</subfield>
  </datafield>
  <datafield tag="500" ind1=" " ind2=" ">
    <subfield code="a">Written text is a prose poem; primarily consists of colored reproductions of the author's woodblock illustrations.</subfield>
  </datafield>
  <datafield tag="500" ind1=" " ind2=" ">
    <subfield code="a">Paper has deckled edges.</subfield>
  </datafield>
  <datafield tag="500" ind1=" " ind2=" ">
    <subfield code="a">Bound in colored, illustrated paper.</subfield>
  </datafield>
  <datafield tag="651" ind1=" " ind2="0">
    <subfield code="a">Michigan</subfield>
    <subfield code="x">Description and travel</subfield>
    <subfield code="x">Pictorial works.</subfield>
  </datafield>
  <datafield tag="650" ind1=" " ind2="0">
    <subfield code="a">Nautre (Aesthetics)</subfield>
    <subfield code="x">Pictorial works.</subfield>
  </datafield>
  <datafield tag="650" ind1=" " ind2="0">
    <subfield code="a">City and town life</subfield>
    <subfield code="z">Michigan</subfield>
    <subfield code="x">Pictorial works.</subfield>
  </datafield>
  <datafield tag="650" ind1=" " ind2="0">
    <subfield code="a">Industries</subfield>
    <subfield code="z">Pictorial works.</subfield>
  </datafield>
  <datafield tag="655" ind1=" " ind2="7">
    <subfield code="a">Artists' books</subfield>
    <subfield code="z">United States</subfield>
    <subfield code="y">20th century.</subfield>
    <subfield code="2">rbgenr</subfield>
  </datafield>
  <datafield tag="655" ind1=" " ind2="7">
    <subfield code="a">Illustrated works</subfield>
    <subfield code="z">United States</subfield>
    <subfield code="y">20th century.</subfield>
    <subfield code="2">rbgenr</subfield>
  </datafield>
  <datafield tag="655" ind1=" " ind2="7">
    <subfield code="a">Bookplates (Provenance)</subfield>
    <subfield code="z">United States</subfield>
    <subfield code="y">20th century.</subfield>
    <subfield code="2">rbprov</subfield>
  </datafield>
  <datafield tag="655" ind1=" " ind2="7">
    <subfield code="a">Publishers' paper bindings (Binding)</subfield>
    <subfield code="z">United States</subfield>
    <subfield code="y">20th century.</subfield>
    <subfield code="2">rbbin</subfield>
  </datafield>
  <datafield tag="655" ind1=" " ind2="7">
    <subfield code="a">Poems</subfield>
    <subfield code="z">United States</subfield>
    <subfield code="y">20th century.</subfield>
    <subfield code="2">rbgenr</subfield>
  </datafield>
  <datafield tag="700" ind1="1" ind2=" ">
    <subfield code="a">Frostic, Gwen,</subfield>
    <subfield code="e">publisher.</subfield>
  </datafield>
  <datafield tag="710" ind1="2" ind2=" ">
    <subfield code="a">[Presscraft Papers],</subfield>
    <subfield code="e">printer.</subfield>
  </datafield>
  <datafield tag="700" ind1="1" ind2=" ">
    <subfield code="a">Frostic, Gwen,</subfield>
    <subfield code="e">artist.</subfield>
  </datafield>
  <datafield tag="700" ind1="1" ind2=" ">
    <subfield code="a">Kemble, John Haskell,</subfield>
    <subfield code="d">1912-1990,</subfield>
    <subfield code="e">donor.</subfield>
    <subfield code="5">CSmH</subfield>
  </datafield>
  <datafield tag="752" ind1=" " ind2=" ">
    <subfield code="a">United States</subfield>
    <subfield code="b">Michigan</subfield>
    <subfield code="d">Benzonia.</subfield>
  </datafield>
  <datafield tag="852" ind1="8" ind2=" ">
    <subfield code="a">MiU-H</subfield>
    <subfield code="b">BENT</subfield>
    <subfield code="h">851234 Aa 2</subfield>
  </datafield>
  <datafield tag="852" ind1="8" ind2=" ">
    <subfield code="b">BENT</subfield>
    <subfield code="a">MiU-H</subfield>
    <subfield code="h">851234 Aa 2</subfield>
  </datafield>
  <datafield tag="998" ind1=" " ind2=" ">
    <subfield code="c">LAC</subfield>
  </datafield>
  <datafield tag="955" ind1=" " ind2=" ">
    <subfield code="b">BENT</subfield>
    <subfield code="p">39015071739069</subfield>
  </datafield>
  <datafield tag="955" ind1=" " ind2=" ">
    <subfield code="b">BENT</subfield>
    <subfield code="p">39015071739077</subfield>
  </datafield>
</record>
